@misc{sudoku2024beginners,
  title        = {Sudoku Rules for Beginners},
  author       = {{Sudoku.com}},
  year         = 2024,
  howpublished = {Online},
  url          = {https://sudoku.com/how-to-play/sudoku-rules-for-beginners/}
}

@article{knuth2000,
  author = {Knuth, D. E.},
  title = {Dancing Links},
  year = {2000},
  publisher = {arXiv},
  howpublished = {\url{https://doi.org/10.48550/arxiv.0011047}},
  doi = {10.48550/arxiv.0011047}
}

@inproceedings{simonis2005,
  title={Sudoku as a Constraint Problem},
  author={Helmut Simonis},
  year={2005},
  url={https://api.semanticscholar.org/CorpusID:115950646}
}

@book{cormen2009,
  author    = {Thomas H. Cormen and Charles E. Leiserson and Ronald L. Rivest and Clifford Stein},
  title     = {Introduction to Algorithms},
  publisher = {MIT Press},
  year      = {2009},
  edition   = {3rd},
}

@book{sedgewick2011,
  author    = {Robert Sedgewick and Kevin Wayne},
  title     = {Algorithms},
  publisher = {Addison-Wesley},
  year      = {2011},
  edition   = {4th},
}

@book{goodrich2013,
  author    = {Michael T. Goodrich and Roberto Tamassia},
  title     = {Data Structures and Algorithms in Java},
  publisher = {John Wiley & Sons},
  year      = {2013},
  edition   = {6th},
}